% book
% Required fields: author or editor, title, publisher, year. 
% Optional fields: volume or number, series, address, edition, month, note.
@book{coulouris,
  author = {Coulouris  G.  F.,  Dollimore J. e  Kindberg T},
  title = {Distributed Systems: concepts and Design},
  publisher = {Addison-Wesley},
  year = {1994},
  edition = "second edition"

}

% article
% Required fields: author, title, journal, year. 
% Optional fields: volume, number, pages, month, note.
@article{donoho,
  author = {Donoho D. L.},
  title = {Compressed Sensing},
  journal = {IEEE Trans. Inf. Theory},
  volume = {52},
  number = {4},
  pages = {1289-1306},
  year = {2006}
}

% conference
% same as inproceedings
% Required fields: author, title, booktitle, year. 
% Optional fields: editor, volume or number, series, pages, address, month, organization, publisher, note
@conference{dalal,
  author = {Dalal N., Triggs B.},
  title = {Histograms of Oriented Gradients for Human Detection},
  booktitle = {Computer Vision and Pattern Recognition (CVPR)},
  address = {San Diego, USA},
  year = {2005},
  month = {20-26 June},
  pages = {886-893}
}

% website
% as misc
% Required fields: none. 
% Optional fields: author, title, howpublished, month, year, note.
@misc{ictbusiness,
  title = {ICT business},
  howpublished = {http://www.ictbusiness.it/},
  note = {ultimo accesso 15/06/2015}
}

----------------------

@Article{en15186799,
AUTHOR = {Ding, Jianguo and Qammar, Attia and Zhang, Zhimin and Karim, Ahmad and Ning, Huansheng},
TITLE = {Cyber Threats to Smart Grids: Review, Taxonomy, Potential Solutions, and Future Directions},
JOURNAL = {Energies},
VOLUME = {15},
YEAR = {2022},
NUMBER = {18},
ARTICLE-NUMBER = {6799},
URL = {\url{https://www.mdpi.com/1996-1073/15/18/6799}},
ISSN = {1996-1073},
DOI = {10.3390/en15186799}
}

@misc{Enel,
  title = {Smart Grid: cosa sono, come funzionano, vantaggi},
  howpublished = {\url{https://www.enel.com/it/azienda/servizi-energetici/enel-grids/smart-grid}},
}

@misc{GSE,
  title = {Composizione del mix iniziale nazionale utilizzato per la produzione dell'energia elettrica immessa nel sistema elettrico italiano nel 2023},
  howpublished = {\url{https://www.gse.it/servizi-per-te/news/fuel-mix-pubblicata-la-composizione-del-mix-energetico-relativo-agli-anni-2022-e-2023}},
}

@misc{TernaRapporto2024,
  title = {Rapporto Mensile sul Sistema Elettrico 2024},
  howpublished = {\url{https://download.terna.it/terna/Rapporto_Mensile_Dicembre_24_8dd358635ce3ac2.pdf}},
}



